@conference{l4d09,
  author = "Michael Booth",
  title = "The {AI} {S}ystems of {L}eft 4 {D}ead",
  booktitle = "Artificial Intelligence and Interactive Digital Entertainment Conference (Stanford University)",
  year = "2009",
}

@article{mario2010,
  author = "Noor Shaker and Julian Togelius and Georgios N. Yannakakis and Ben Weber and Tomoyuki Shimizu and Tomonori Hashiyama and
Nathan Sorenson and Philippe Pasquier and Peter Mawhorter and Glen Takahashi and Gillian Smith and Robin Baumgarten",
  title = "The 2010 {M}ario {AI} {C}hampionship: {L}evel {G}eneration {T}rack",
  journal = "In special Issue of IEEE Transactions on Procedural Content Generation",
  year = "2010",
}

