@conference{l4d09,
  author = "Michael Booth",
  title = "The {AI} {S}ystems of {L}eft 4 {D}ead",
  booktitle = "Artificial Intelligence and Interactive Digital Entertainment Conference (Stanford University)",
  year = "2009",
}

@article{mario2010,
  author = "Noor Shaker and Julian Togelius and Georgios N. Yannakakis and Ben Weber and Tomoyuki Shimizu and Tomonori Hashiyama and
Nathan Sorenson and Philippe Pasquier and Peter Mawhorter and Glen Takahashi and Gillian Smith and Robin Baumgarten",
  title = "The 2010 {M}ario {AI} {C}hampionship: {L}evel {G}eneration {T}rack",
  journal = "In special Issue of IEEE Transactions on Procedural Content Generation",
  year = "2010",
}

@conference{rhythm09,
  author = "Gillian Smith and Mike Treanor and Jim Whitehead and Michael Mateas",
  title = "Rhythm-{B}ased {L}evel {G}eneration for 2{D} {P}latformers ",
  booktitle = "International Conference on Foundations of Digital Games ",
  year = "2009",
}

@conference{shaker10,
  author = "Noor Shaker and Georgios Yannakakis and Julian Togelius",
  title = "Towards Automatic Personalized Content Generation for Platform Games",
  booktitle = "Proceedings of Artificial Intelligence and Interactive Digital Entertainment",
  year = "2010",
}

@article{edpcg11,
  author = "Georgios N. Yannakakis and Julian Togelius",
  title = "Experience-Driven Procedural Content Generation",
  journal = "IEEE Transactions on Affective Computing",
  year = "2011",
}


@article{sbpcg11,
  author = "Julian Togelius and Georgios N. Yannakakis and Kenneth O. Stanley and Cameron Browne",
  title = "Search-based Procedural Content Generation",
  journal = "IEEE Transactions on Computational Intelligence and AI in Games",
  year = "2011",
}

@inproceedings{rodenparberry2004,
  author = {T. Roden and I. Parberry}, 
  title = {From Artistry to Automation: {A} Structured Methodology for Procedural Content Creation},
  booktitle = {Proceedings of the 3rd International Conference on Entertainment Computing},
  pages = {151--156},
  city = {Eindhoven, The Netherlands},
  year = 2004,
}

@incollection {mmorpg06,
   author = {Tychsen, Anders and Tosca, Susana and Brolund, Thea},
   title = {Personalizing the Player Experience in MMORPGs},
   booktitle = {Technologies for Interactive Digital Storytelling and Entertainment},
   pages = {253-264},
   volume = {4326},
   year = {2006}
}