\Sort{
  Mode{on}
  Collation{mixed}
  SortTypeOrder{key,name}
  NameOrder{ascending}
  Key{{author,editor}}
  KeyOrder{descending,nulls first}
  StringSort{ascending}
}

@ARTICLE{tu:95,
  author = {S. W. Tu and H. Eriksson and J. Gennari and Y. Shahar and M. A.
           Musen},
  year = 1995,
  title = {Ontology-Based Configuration of Problem-Solving Methods and
          Generation of Knowledge Acquisition Tools: Application of
          {PROT\'EG\'E}-{II} to Protocol-Based Decision Support},
  journal = {Artificial Intelligence in Medicine},
  volume = 7,
  pages = {257-289}
}

@misc{enlace,
    title = "Laboratorio de Investigación y Desarrollo en Inteligencia
            Artificial",
    howpublished = "http://www.dc.fi.udc.es/lidia",
    note = "Último acceso: 20-03-2004" }
      