@misc{magicdecks,
   author = "Jeff Cuningham",
   title = "Aggro, Combo and Control",
   howpublished = "Article in the 'Magic Academy' series",
   url = {http://www.wizards.com/Magic/Magazine/Article.aspx?x=mtgcom/academy/22},
   year = 2007,
}

@misc{brainage,
   author = "Nintendo SPD",
   title = "Brain Age: Train Your Brain in Minutes a Day!",
   howpublished = "[Nintendo DS Game]",
   year = 2005,
}

@misc{rogue,
   author = "Michael Toy and Glenn Wichman",
   title = "Rogue",
   howpublished = "[PC Game]",
   year = 1980,
}

@misc{diablo,
   author = "Blizzard North",
   title = "Diablo",
   howpublished = "[PC Game]",
   year = 1996,
}

@misc{minecraft,
   author = "Mojang",
   title = "Minecraft",
   howpublished = "[PC Game]",
   year = 2009,
}

@misc{civilization,
   author = "Microprose",
   title = "Sid Meier's Civilization",
   howpublished = "[PC Game]",
   year = 1991,
}

@misc{discovery,
   author = "Discovery Channel",
   title = "Discovery Channel's History of Video Games",
   howpublished = "TV documentary",
   year = 2006,
}

@article{shah05,
  author = "Nik Shah",
  title = "The Video Game Industry: an industry analysis from a VC perspective",
  year = "2005",
}

@article{roguelike,
  author = "Joshua Diaz",
  title = "Dwarf Fortress Gathers At The Statue And Attends A Party",
   howpublished = "TV documentary",
  year = "2009",
}

@conference{l4d09,
  author = "Michael Booth",
  title = "The {AI} {S}ystems of {L}eft 4 {D}ead",
  booktitle = "Artificial Intelligence and Interactive Digital Entertainment Conference (Stanford University)",
  year = "2009",
}

@article{mario2010,
  author = "Noor Shaker and Julian Togelius and Georgios N. Yannakakis and Ben Weber and Tomoyuki Shimizu and Tomonori Hashiyama and
Nathan Sorenson and Philippe Pasquier and Peter Mawhorter and Glen Takahashi and Gillian Smith and Robin Baumgarten",
  title = "The 2010 {M}ario {AI} {C}hampionship: {L}evel {G}eneration {T}rack",
  journal = "In special Issue of IEEE Transactions on Procedural Content Generation",
  year = "2010",
}

@article {marioai,
   author = {Sergei Karakovskiy and Julian Togelius},
   title = {The Mario AI Benchmark and Competitions},
   journal = {IEEE Transactions on Computational Intelligence and Games},
   pages = {55-67},
   volume = {4},
   year = {2012}
}

@inproceedings{rodenparberry2004,
  author = {T. Roden and I. Parberry}, 
  title = {From Artistry to Automation: {A} Structured Methodology for Procedural Content Creation},
  booktitle = {Proceedings of the 3rd International Conference on Entertainment Computing},
  pages = {151--156},
  city = {Eindhoven, The Netherlands},
  year = 2004,
}

@incollection {mmorpg06,
   author = {Tychsen, Anders and Tosca, Susana and Brolund, Thea},
   title = {Personalizing the Player Experience in MMORPGs},
   booktitle = {Technologies for Interactive Digital Storytelling and Entertainment},
   pages = {253-264},
   volume = {4326},
   year = {2006}
}

@article {dunningkruger,
   author = {Justin Kruger and David Dunning},
   title = {Unskilled and Unaware of It: How Difficulties in Recognizing One's Own Incompetence Lead to Inflated Self-Assessments},
   journal = {Journal of Personality and Social Psychology},
   pages = {1121-1134},
   volume = {77},
   year = {1999}
}

@article {skilled,
   author = {Katherine Burson and Richard Larrick and Joshua Klayman},
   title = {Skilled or unskilled, but still unaware of it: How perceptions of difficulty drive miscalibration in relative comparisons},
   journal = {Journal of Personality and Social Psychology},
   pages = {60-77},
   volume = {90},
   year = {2006}
}

@article {overestimate,
   author = {Tori DeAngelis},
   title = {Why we overestimate our competence},
   journal = {Monitor on Psychology},
   pages = {60},
   volume = {34},
   year = {2003}
}